%YAML 1.1
%TAG !u! tag:unity3d.com,2011:
--- !u!1001 &100100000
Prefab:
  m_ObjectHideFlags: 1
  serializedVersion: 2
  m_Modification:
    m_TransformParent: {fileID: 0}
    m_Modifications: []
    m_RemovedComponents: []
  m_ParentPrefab: {fileID: 0}
  m_RootGameObject: {fileID: 1880439931242470}
  m_IsPrefabParent: 1
--- !u!1 &1025753030617740
GameObject:
  m_ObjectHideFlags: 0
  m_PrefabParentObject: {fileID: 0}
  m_PrefabInternal: {fileID: 100100000}
  serializedVersion: 5
  m_Component:
  - component: {fileID: 4390789973269514}
  - component: {fileID: 114963331424089182}
  - component: {fileID: 114860114502142002}
  m_Layer: 0
  m_Name: Debug
  m_TagString: Untagged
  m_Icon: {fileID: 0}
  m_NavMeshLayer: 0
  m_StaticEditorFlags: 0
  m_IsActive: 1
--- !u!1 &1066405185772934
GameObject:
  m_ObjectHideFlags: 0
  m_PrefabParentObject: {fileID: 0}
  m_PrefabInternal: {fileID: 100100000}
  serializedVersion: 5
  m_Component:
  - component: {fileID: 4324213567054358}
  - component: {fileID: 114804721060560342}
  - component: {fileID: 114555099844828908}
  m_Layer: 0
  m_Name: Time
  m_TagString: Untagged
  m_Icon: {fileID: 0}
  m_NavMeshLayer: 0
  m_StaticEditorFlags: 0
  m_IsActive: 1
--- !u!1 &1121101707868740
GameObject:
  m_ObjectHideFlags: 0
  m_PrefabParentObject: {fileID: 0}
  m_PrefabInternal: {fileID: 100100000}
  serializedVersion: 5
  m_Component:
  - component: {fileID: 4664066075995510}
  - component: {fileID: 114038949968153958}
  - component: {fileID: 114801438788080648}
  - component: {fileID: 114929797039807370}
  - component: {fileID: 114856581490083944}
  - component: {fileID: 114957176945495446}
  - component: {fileID: 114542946857582222}
  - component: {fileID: 114419579417576066}
  - component: {fileID: 114713132706057004}
  - component: {fileID: 114427368586818288}
  - component: {fileID: 114116081842922604}
  - component: {fileID: 114301032321795708}
  - component: {fileID: 114894737463839574}
  - component: {fileID: 114769162438875246}
  - component: {fileID: 114972417880478924}
  - component: {fileID: 114373241446272496}
  - component: {fileID: 114018494556619212}
  - component: {fileID: 114368660248788700}
  m_Layer: 0
  m_Name: Scripts
  m_TagString: Scripts
  m_Icon: {fileID: 0}
  m_NavMeshLayer: 0
  m_StaticEditorFlags: 0
  m_IsActive: 1
--- !u!1 &1242725677701190
GameObject:
  m_ObjectHideFlags: 0
  m_PrefabParentObject: {fileID: 0}
  m_PrefabInternal: {fileID: 100100000}
  serializedVersion: 5
  m_Component:
  - component: {fileID: 4386006285245610}
  - component: {fileID: 114047486084220122}
  m_Layer: 0
  m_Name: Terrain
  m_TagString: Untagged
  m_Icon: {fileID: 0}
  m_NavMeshLayer: 0
  m_StaticEditorFlags: 0
  m_IsActive: 1
--- !u!1 &1245343071517890
GameObject:
  m_ObjectHideFlags: 0
  m_PrefabParentObject: {fileID: 0}
  m_PrefabInternal: {fileID: 100100000}
  serializedVersion: 5
  m_Component:
  - component: {fileID: 4808214263391104}
  - component: {fileID: 114688668533640752}
  - component: {fileID: 114771147502253374}
  m_Layer: 0
  m_Name: Music
  m_TagString: Untagged
  m_Icon: {fileID: 0}
  m_NavMeshLayer: 0
  m_StaticEditorFlags: 0
  m_IsActive: 1
--- !u!1 &1721070977122484
GameObject:
  m_ObjectHideFlags: 0
  m_PrefabParentObject: {fileID: 0}
  m_PrefabInternal: {fileID: 100100000}
  serializedVersion: 5
  m_Component:
  - component: {fileID: 4354566207666488}
  - component: {fileID: 114714131855494572}
  m_Layer: 0
  m_Name: NatureMap
  m_TagString: Untagged
  m_Icon: {fileID: 0}
  m_NavMeshLayer: 0
  m_StaticEditorFlags: 0
  m_IsActive: 1
--- !u!1 &1880439931242470
GameObject:
  m_ObjectHideFlags: 0
  m_PrefabParentObject: {fileID: 0}
  m_PrefabInternal: {fileID: 100100000}
  serializedVersion: 5
  m_Component:
  - component: {fileID: 4409768646934074}
  m_Layer: 0
  m_Name: ScriptObjs
  m_TagString: Untagged
  m_Icon: {fileID: 0}
  m_NavMeshLayer: 0
  m_StaticEditorFlags: 0
  m_IsActive: 1
--- !u!4 &4324213567054358
Transform:
  m_ObjectHideFlags: 1
  m_PrefabParentObject: {fileID: 0}
  m_PrefabInternal: {fileID: 100100000}
  m_GameObject: {fileID: 1066405185772934}
  m_LocalRotation: {x: -0, y: -0, z: -0, w: 1}
  m_LocalPosition: {x: 0, y: 0, z: 0}
  m_LocalScale: {x: 1, y: 1, z: 1}
  m_Children: []
  m_Father: {fileID: 4409768646934074}
  m_RootOrder: 2
  m_LocalEulerAnglesHint: {x: 0, y: 0, z: 0}
--- !u!4 &4354566207666488
Transform:
  m_ObjectHideFlags: 1
  m_PrefabParentObject: {fileID: 0}
  m_PrefabInternal: {fileID: 100100000}
  m_GameObject: {fileID: 1721070977122484}
  m_LocalRotation: {x: 0, y: 0, z: 0, w: 1}
  m_LocalPosition: {x: 0, y: 0, z: 0}
  m_LocalScale: {x: 1, y: 1, z: 1}
  m_Children: []
  m_Father: {fileID: 4409768646934074}
  m_RootOrder: 3
  m_LocalEulerAnglesHint: {x: 0, y: 0, z: 0}
--- !u!4 &4386006285245610
Transform:
  m_ObjectHideFlags: 1
  m_PrefabParentObject: {fileID: 0}
  m_PrefabInternal: {fileID: 100100000}
  m_GameObject: {fileID: 1242725677701190}
  m_LocalRotation: {x: 0, y: 0, z: 0, w: 1}
  m_LocalPosition: {x: 0, y: 0, z: 0}
  m_LocalScale: {x: 1, y: 1, z: 1}
  m_Children: []
  m_Father: {fileID: 4409768646934074}
  m_RootOrder: 5
  m_LocalEulerAnglesHint: {x: 0, y: 0, z: 0}
--- !u!4 &4390789973269514
Transform:
  m_ObjectHideFlags: 1
  m_PrefabParentObject: {fileID: 0}
  m_PrefabInternal: {fileID: 100100000}
  m_GameObject: {fileID: 1025753030617740}
  m_LocalRotation: {x: -0, y: -0, z: -0, w: 1}
  m_LocalPosition: {x: 0, y: 0, z: 0}
  m_LocalScale: {x: 1, y: 1, z: 1}
  m_Children: []
  m_Father: {fileID: 4409768646934074}
  m_RootOrder: 4
  m_LocalEulerAnglesHint: {x: 0, y: 0, z: 0}
--- !u!4 &4409768646934074
Transform:
  m_ObjectHideFlags: 1
  m_PrefabParentObject: {fileID: 0}
  m_PrefabInternal: {fileID: 100100000}
  m_GameObject: {fileID: 1880439931242470}
  m_LocalRotation: {x: 0, y: 0, z: 0, w: 1}
  m_LocalPosition: {x: 0, y: 0, z: 0}
  m_LocalScale: {x: 1, y: 1, z: 1}
  m_Children:
  - {fileID: 4664066075995510}
  - {fileID: 4808214263391104}
  - {fileID: 4324213567054358}
  - {fileID: 4354566207666488}
  - {fileID: 4390789973269514}
  - {fileID: 4386006285245610}
  m_Father: {fileID: 0}
  m_RootOrder: 0
  m_LocalEulerAnglesHint: {x: 0, y: 0, z: 0}
--- !u!4 &4664066075995510
Transform:
  m_ObjectHideFlags: 1
  m_PrefabParentObject: {fileID: 0}
  m_PrefabInternal: {fileID: 100100000}
  m_GameObject: {fileID: 1121101707868740}
  m_LocalRotation: {x: -0, y: -0, z: -0, w: 1}
  m_LocalPosition: {x: 0, y: -0, z: 0}
  m_LocalScale: {x: 1, y: 1, z: 1}
  m_Children: []
  m_Father: {fileID: 4409768646934074}
  m_RootOrder: 0
  m_LocalEulerAnglesHint: {x: 0, y: 0, z: 0}
--- !u!4 &4808214263391104
Transform:
  m_ObjectHideFlags: 1
  m_PrefabParentObject: {fileID: 0}
  m_PrefabInternal: {fileID: 100100000}
  m_GameObject: {fileID: 1245343071517890}
  m_LocalRotation: {x: -0, y: -0, z: -0, w: 1}
  m_LocalPosition: {x: 0, y: 0, z: 0}
  m_LocalScale: {x: 1, y: 1, z: 1}
  m_Children: []
  m_Father: {fileID: 4409768646934074}
  m_RootOrder: 1
  m_LocalEulerAnglesHint: {x: 0, y: 0, z: 0}
--- !u!114 &114018494556619212
MonoBehaviour:
  m_ObjectHideFlags: 1
  m_PrefabParentObject: {fileID: 0}
  m_PrefabInternal: {fileID: 100100000}
  m_GameObject: {fileID: 1121101707868740}
  m_Enabled: 1
  m_EditorHideFlags: 0
  m_Script: {fileID: 11500000, guid: 40e16bd7194ecdb4eb689e9b43323cf8, type: 3}
  m_Name: 
  m_EditorClassIdentifier: 
--- !u!114 &114038949968153958
MonoBehaviour:
  m_ObjectHideFlags: 1
  m_PrefabParentObject: {fileID: 0}
  m_PrefabInternal: {fileID: 100100000}
  m_GameObject: {fileID: 1121101707868740}
  m_Enabled: 1
  m_EditorHideFlags: 0
  m_Script: {fileID: 11500000, guid: cd4218046d0ec8f4d8a1ac2fb49d18c1, type: 3}
  m_Name: 
  m_EditorClassIdentifier: 
--- !u!114 &114047486084220122
MonoBehaviour:
  m_ObjectHideFlags: 1
  m_PrefabParentObject: {fileID: 0}
  m_PrefabInternal: {fileID: 100100000}
  m_GameObject: {fileID: 1242725677701190}
  m_Enabled: 1
  m_EditorHideFlags: 0
  m_Script: {fileID: 11500000, guid: 5fa3e149f1f737544baa68d7e9b1521e, type: 3}
  m_Name: 
  m_EditorClassIdentifier: 
  surfaceIndex: 0
--- !u!114 &114116081842922604
MonoBehaviour:
  m_ObjectHideFlags: 1
  m_PrefabParentObject: {fileID: 0}
  m_PrefabInternal: {fileID: 100100000}
  m_GameObject: {fileID: 1121101707868740}
  m_Enabled: 1
  m_EditorHideFlags: 0
  m_Script: {fileID: 11500000, guid: 1f6fd3ea77bde5341bb3ab4071a11ce9, type: 3}
  m_Name: 
  m_EditorClassIdentifier: 
  healthRecoverRate: 0.1
--- !u!114 &114301032321795708
MonoBehaviour:
  m_ObjectHideFlags: 1
  m_PrefabParentObject: {fileID: 0}
  m_PrefabInternal: {fileID: 100100000}
  m_GameObject: {fileID: 1121101707868740}
  m_Enabled: 1
  m_EditorHideFlags: 0
  m_Script: {fileID: 11500000, guid: ff33231f73356a2468ee17e5e23c9df5, type: 3}
  m_Name: 
  m_EditorClassIdentifier: 
  img: {fileID: 0}
  startDelay: 1
  holdDelay: 1
  endDelay: 1
--- !u!114 &114368660248788700
MonoBehaviour:
  m_ObjectHideFlags: 1
  m_PrefabParentObject: {fileID: 0}
  m_PrefabInternal: {fileID: 100100000}
  m_GameObject: {fileID: 1121101707868740}
  m_Enabled: 1
  m_EditorHideFlags: 0
  m_Script: {fileID: 11500000, guid: 0df630ec1d52bee41b6db4e41a3ae8b7, type: 3}
  m_Name: 
  m_EditorClassIdentifier: 
  playerInvulnerable: 0
  alliesInvulnerable: 0
--- !u!114 &114373241446272496
MonoBehaviour:
  m_ObjectHideFlags: 1
  m_PrefabParentObject: {fileID: 0}
  m_PrefabInternal: {fileID: 100100000}
  m_GameObject: {fileID: 1121101707868740}
  m_Enabled: 1
  m_EditorHideFlags: 0
  m_Script: {fileID: 11500000, guid: 3cc6372312cf2924ba17e533ec2e4de4, type: 3}
  m_Name: 
  m_EditorClassIdentifier: 
--- !u!114 &114419579417576066
MonoBehaviour:
  m_ObjectHideFlags: 1
  m_PrefabParentObject: {fileID: 0}
  m_PrefabInternal: {fileID: 100100000}
  m_GameObject: {fileID: 1121101707868740}
  m_Enabled: 1
  m_EditorHideFlags: 0
  m_Script: {fileID: 11500000, guid: cab096d33be795b4ca6922842ff70e96, type: 3}
  m_Name: 
  m_EditorClassIdentifier: 
  player: {fileID: 0}
--- !u!114 &114427368586818288
MonoBehaviour:
  m_ObjectHideFlags: 1
  m_PrefabParentObject: {fileID: 0}
  m_PrefabInternal: {fileID: 100100000}
  m_GameObject: {fileID: 1121101707868740}
  m_Enabled: 1
  m_EditorHideFlags: 0
  m_Script: {fileID: 11500000, guid: cfc1e59d10670814fbeb4209f594fd39, type: 3}
  m_Name: 
  m_EditorClassIdentifier: 
  ammoBar: {fileID: 0}
  img: {fileID: 0}
--- !u!114 &114542946857582222
MonoBehaviour:
  m_ObjectHideFlags: 1
  m_PrefabParentObject: {fileID: 0}
  m_PrefabInternal: {fileID: 100100000}
  m_GameObject: {fileID: 1121101707868740}
  m_Enabled: 1
  m_EditorHideFlags: 0
  m_Script: {fileID: 11500000, guid: 2308189c912013a419b70242c4f2c05d, type: 3}
  m_Name: 
  m_EditorClassIdentifier: 
  selectionManager: {fileID: 0}
  selectedList: []
  crosshair: {fileID: 0}
  allyManager: {fileID: 0}
--- !u!114 &114555099844828908
MonoBehaviour:
  m_ObjectHideFlags: 1
  m_PrefabParentObject: {fileID: 0}
  m_PrefabInternal: {fileID: 100100000}
  m_GameObject: {fileID: 1066405185772934}
  m_Enabled: 1
  m_EditorHideFlags: 0
  m_Script: {fileID: 11500000, guid: 07f0256191568f04cac948e831b83eab, type: 3}
  m_Name: 
  m_EditorClassIdentifier: 
--- !u!114 &114688668533640752
MonoBehaviour:
  m_ObjectHideFlags: 1
  m_PrefabParentObject: {fileID: 0}
  m_PrefabInternal: {fileID: 100100000}
  m_GameObject: {fileID: 1245343071517890}
  m_Enabled: 1
  m_EditorHideFlags: 0
  m_Script: {fileID: 11500000, guid: 7a5bf5198ead56a44a3c1f96371660da, type: 3}
  m_Name: 
  m_EditorClassIdentifier: 
  music_world: event:/music_world
  playMusic: 1
  ambience: event:/ambience
  playAmbience: 1
  surfSound: event:/twig_surf
--- !u!114 &114713132706057004
MonoBehaviour:
  m_ObjectHideFlags: 1
  m_PrefabParentObject: {fileID: 0}
  m_PrefabInternal: {fileID: 100100000}
  m_GameObject: {fileID: 1121101707868740}
  m_Enabled: 1
  m_EditorHideFlags: 0
  m_Script: {fileID: 11500000, guid: f984f9dfbc9101a49b52a793afb933a4, type: 3}
  m_Name: 
  m_EditorClassIdentifier: 
  minHorizSpeed: 0
  maxHorizSpeed: 1.5
  minVertSpeed: 0
  maxVertSpeed: 0.8
  horizontalMargin: 30
  verticalMargin: 20
  horizBorderSpeed: 0.03
  vertBorderSpeed: 0.03
--- !u!114 &114714131855494572
MonoBehaviour:
  m_ObjectHideFlags: 1
  m_PrefabParentObject: {fileID: 0}
  m_PrefabInternal: {fileID: 100100000}
  m_GameObject: {fileID: 1721070977122484}
  m_Enabled: 1
  m_EditorHideFlags: 0
  m_Script: {fileID: 11500000, guid: b32216b48fa60fa45af744a1ea290330, type: 3}
  m_Name: 
  m_EditorClassIdentifier: 
  mapScalar: 640
  mapTex: {fileID: 2800000, guid: 2a7e7f612194fee48b3705b6f7f8587a, type: 3}
--- !u!114 &114769162438875246
MonoBehaviour:
  m_ObjectHideFlags: 1
  m_PrefabParentObject: {fileID: 0}
  m_PrefabInternal: {fileID: 100100000}
  m_GameObject: {fileID: 1121101707868740}
  m_Enabled: 1
  m_EditorHideFlags: 0
  m_Script: {fileID: 11500000, guid: ff33231f73356a2468ee17e5e23c9df5, type: 3}
  m_Name: 
  m_EditorClassIdentifier: 
  img: {fileID: 0}
  startDelay: 1
  holdDelay: 1
  endDelay: 1
--- !u!114 &114771147502253374
MonoBehaviour:
  m_ObjectHideFlags: 1
  m_PrefabParentObject: {fileID: 0}
  m_PrefabInternal: {fileID: 100100000}
  m_GameObject: {fileID: 1245343071517890}
  m_Enabled: 1
  m_EditorHideFlags: 0
  m_Script: {fileID: 11500000, guid: 0292ebaa85bdcf040b2687a066c245dd, type: 3}
  m_Name: 
  m_EditorClassIdentifier: 
  soundArmed: 0
--- !u!114 &114801438788080648
MonoBehaviour:
  m_ObjectHideFlags: 1
  m_PrefabParentObject: {fileID: 0}
  m_PrefabInternal: {fileID: 100100000}
  m_GameObject: {fileID: 1121101707868740}
  m_Enabled: 1
  m_EditorHideFlags: 0
  m_Script: {fileID: 11500000, guid: b961ec6bfe5c29e428b10be599eeeadf, type: 3}
  m_Name: 
  m_EditorClassIdentifier: 
--- !u!114 &114804721060560342
MonoBehaviour:
  m_ObjectHideFlags: 1
  m_PrefabParentObject: {fileID: 0}
  m_PrefabInternal: {fileID: 100100000}
  m_GameObject: {fileID: 1066405185772934}
  m_Enabled: 1
  m_EditorHideFlags: 0
  m_Script: {fileID: 11500000, guid: 0c5d9984b373a484d923d85b84e03f5c, type: 3}
  m_Name: 
  m_EditorClassIdentifier: 
  useDebugTimes: 1
  masterTime: 1
  gameTime: 1
  playerTime: 1
  enemiesTime: 1
  environmentTime: 1
  timeEffectedMats: []
--- !u!114 &114856581490083944
MonoBehaviour:
  m_ObjectHideFlags: 1
  m_PrefabParentObject: {fileID: 0}
  m_PrefabInternal: {fileID: 100100000}
  m_GameObject: {fileID: 1121101707868740}
  m_Enabled: 1
  m_EditorHideFlags: 0
  m_Script: {fileID: 11500000, guid: 06567edec9aa79242ae4cf6d605b22e7, type: 3}
  m_Name: 
  m_EditorClassIdentifier: 
  groupUpRadius: 25
  delay: 0.2
--- !u!114 &114860114502142002
MonoBehaviour:
  m_ObjectHideFlags: 1
  m_PrefabParentObject: {fileID: 0}
  m_PrefabInternal: {fileID: 100100000}
  m_GameObject: {fileID: 1025753030617740}
  m_Enabled: 1
  m_EditorHideFlags: 0
  m_Script: {fileID: 11500000, guid: e2a850f929b393945be40330fe23ef55, type: 3}
  m_Name: 
  m_EditorClassIdentifier: 
  pathDebugEnabled: 1
  onlyFollowOne: 1
  singlePath: {fileID: 0}
--- !u!114 &114894737463839574
MonoBehaviour:
  m_ObjectHideFlags: 1
  m_PrefabParentObject: {fileID: 0}
  m_PrefabInternal: {fileID: 100100000}
  m_GameObject: {fileID: 1121101707868740}
  m_Enabled: 1
  m_EditorHideFlags: 0
  m_Script: {fileID: 11500000, guid: 17d0c45828ab90e47a21b5371713c62c, type: 3}
  m_Name: 
  m_EditorClassIdentifier: 
--- !u!114 &114929797039807370
MonoBehaviour:
  m_ObjectHideFlags: 1
  m_PrefabParentObject: {fileID: 0}
  m_PrefabInternal: {fileID: 100100000}
  m_GameObject: {fileID: 1121101707868740}
  m_Enabled: 1
  m_EditorHideFlags: 0
  m_Script: {fileID: 11500000, guid: 4b7df09da54bdfd49b68de85a066fa29, type: 3}
  m_Name: 
  m_EditorClassIdentifier: 
--- !u!114 &114957176945495446
MonoBehaviour:
  m_ObjectHideFlags: 1
  m_PrefabParentObject: {fileID: 0}
  m_PrefabInternal: {fileID: 100100000}
  m_GameObject: {fileID: 1121101707868740}
  m_Enabled: 1
  m_EditorHideFlags: 0
  m_Script: {fileID: 11500000, guid: ea1ba0df0cac6a341ae0099cad171f40, type: 3}
  m_Name: 
  m_EditorClassIdentifier: 
--- !u!114 &114963331424089182
MonoBehaviour:
  m_ObjectHideFlags: 1
  m_PrefabParentObject: {fileID: 0}
  m_PrefabInternal: {fileID: 100100000}
  m_GameObject: {fileID: 1025753030617740}
  m_Enabled: 1
  m_EditorHideFlags: 0
  m_Script: {fileID: 11500000, guid: dc4e106f2d92a754e8d1627c0eabff89, type: 3}
  m_Name: 
  m_EditorClassIdentifier: 
  DebugDrawingEnabled: 1
--- !u!114 &114972417880478924
MonoBehaviour:
  m_ObjectHideFlags: 1
  m_PrefabParentObject: {fileID: 0}
  m_PrefabInternal: {fileID: 100100000}
  m_GameObject: {fileID: 1121101707868740}
  m_Enabled: 1
  m_EditorHideFlags: 0
  m_Script: {fileID: 11500000, guid: 850b47a4ccadb4b469183f0f05692563, type: 3}
  m_Name: 
  m_EditorClassIdentifier: 
