%YAML 1.1
%TAG !u! tag:unity3d.com,2011:
--- !u!1001 &100100000
Prefab:
  m_ObjectHideFlags: 1
  serializedVersion: 2
  m_Modification:
    m_TransformParent: {fileID: 0}
    m_Modifications: []
    m_RemovedComponents: []
  m_ParentPrefab: {fileID: 0}
  m_RootGameObject: {fileID: 1698575014276796}
  m_IsPrefabParent: 1
--- !u!1 &1042701447252096
GameObject:
  m_ObjectHideFlags: 1
  m_PrefabParentObject: {fileID: 0}
  m_PrefabInternal: {fileID: 100100000}
  serializedVersion: 5
  m_Component:
  - component: {fileID: 4667704055730894}
  m_Layer: 17
  m_Name: Shoulder.L
  m_TagString: Untagged
  m_Icon: {fileID: 0}
  m_NavMeshLayer: 0
  m_StaticEditorFlags: 0
  m_IsActive: 1
--- !u!1 &1056443467046332
GameObject:
  m_ObjectHideFlags: 0
  m_PrefabParentObject: {fileID: 0}
  m_PrefabInternal: {fileID: 100100000}
  serializedVersion: 5
  m_Component:
  - component: {fileID: 4668746027082084}
  - component: {fileID: 95051363811464062}
  - component: {fileID: 114075111562469958}
  m_Layer: 17
  m_Name: TierOneFlowerMesh
  m_TagString: Untagged
  m_Icon: {fileID: 0}
  m_NavMeshLayer: 0
  m_StaticEditorFlags: 0
  m_IsActive: 1
--- !u!1 &1072527446100132
GameObject:
  m_ObjectHideFlags: 1
  m_PrefabParentObject: {fileID: 0}
  m_PrefabInternal: {fileID: 100100000}
  serializedVersion: 5
  m_Component:
  - component: {fileID: 4940733230128774}
  m_Layer: 17
  m_Name: UpperArm.L
  m_TagString: Untagged
  m_Icon: {fileID: 0}
  m_NavMeshLayer: 0
  m_StaticEditorFlags: 0
  m_IsActive: 1
--- !u!1 &1153143805428540
GameObject:
  m_ObjectHideFlags: 1
  m_PrefabParentObject: {fileID: 0}
  m_PrefabInternal: {fileID: 100100000}
  serializedVersion: 5
  m_Component:
  - component: {fileID: 4037745024943980}
  m_Layer: 17
  m_Name: LowerArm.L_end
  m_TagString: Untagged
  m_Icon: {fileID: 0}
  m_NavMeshLayer: 0
  m_StaticEditorFlags: 0
  m_IsActive: 1
--- !u!1 &1157475638717724
GameObject:
  m_ObjectHideFlags: 1
  m_PrefabParentObject: {fileID: 0}
  m_PrefabInternal: {fileID: 100100000}
  serializedVersion: 5
  m_Component:
  - component: {fileID: 4345508800962404}
  m_Layer: 17
  m_Name: Neck
  m_TagString: Untagged
  m_Icon: {fileID: 0}
  m_NavMeshLayer: 0
  m_StaticEditorFlags: 0
  m_IsActive: 1
--- !u!1 &1158618101026068
GameObject:
  m_ObjectHideFlags: 1
  m_PrefabParentObject: {fileID: 0}
  m_PrefabInternal: {fileID: 100100000}
  serializedVersion: 5
  m_Component:
  - component: {fileID: 4969753328069010}
  m_Layer: 17
  m_Name: Head
  m_TagString: Untagged
  m_Icon: {fileID: 0}
  m_NavMeshLayer: 0
  m_StaticEditorFlags: 0
  m_IsActive: 1
--- !u!1 &1165262192144254
GameObject:
  m_ObjectHideFlags: 1
  m_PrefabParentObject: {fileID: 0}
  m_PrefabInternal: {fileID: 100100000}
  serializedVersion: 5
  m_Component:
  - component: {fileID: 4787066540639788}
  m_Layer: 17
  m_Name: Spike1
  m_TagString: Untagged
  m_Icon: {fileID: 0}
  m_NavMeshLayer: 0
  m_StaticEditorFlags: 0
  m_IsActive: 1
--- !u!1 &1184800836523018
GameObject:
  m_ObjectHideFlags: 1
  m_PrefabParentObject: {fileID: 0}
  m_PrefabInternal: {fileID: 100100000}
  serializedVersion: 5
  m_Component:
  - component: {fileID: 4601840967798838}
  m_Layer: 17
  m_Name: Spike2_end
  m_TagString: Untagged
  m_Icon: {fileID: 0}
  m_NavMeshLayer: 0
  m_StaticEditorFlags: 0
  m_IsActive: 1
--- !u!1 &1268011245375186
GameObject:
  m_ObjectHideFlags: 1
  m_PrefabParentObject: {fileID: 0}
  m_PrefabInternal: {fileID: 100100000}
  serializedVersion: 5
  m_Component:
  - component: {fileID: 4662984197365102}
  m_Layer: 17
  m_Name: Spine1
  m_TagString: Untagged
  m_Icon: {fileID: 0}
  m_NavMeshLayer: 0
  m_StaticEditorFlags: 0
  m_IsActive: 1
--- !u!1 &1306885370506936
GameObject:
  m_ObjectHideFlags: 1
  m_PrefabParentObject: {fileID: 0}
  m_PrefabInternal: {fileID: 100100000}
  serializedVersion: 5
  m_Component:
  - component: {fileID: 4845810186174258}
  m_Layer: 17
  m_Name: SpineUpperIK
  m_TagString: Untagged
  m_Icon: {fileID: 0}
  m_NavMeshLayer: 0
  m_StaticEditorFlags: 0
  m_IsActive: 1
--- !u!1 &1313481589986846
GameObject:
  m_ObjectHideFlags: 1
  m_PrefabParentObject: {fileID: 0}
  m_PrefabInternal: {fileID: 100100000}
  serializedVersion: 5
  m_Component:
  - component: {fileID: 4573761367757040}
  m_Layer: 17
  m_Name: ArmRightIK_end
  m_TagString: Untagged
  m_Icon: {fileID: 0}
  m_NavMeshLayer: 0
  m_StaticEditorFlags: 0
  m_IsActive: 1
--- !u!1 &1370890933030344
GameObject:
  m_ObjectHideFlags: 1
  m_PrefabParentObject: {fileID: 0}
  m_PrefabInternal: {fileID: 100100000}
  serializedVersion: 5
  m_Component:
  - component: {fileID: 4806902998954028}
  m_Layer: 17
  m_Name: SpineUpperIK_end
  m_TagString: Untagged
  m_Icon: {fileID: 0}
  m_NavMeshLayer: 0
  m_StaticEditorFlags: 0
  m_IsActive: 1
--- !u!1 &1383417126376392
GameObject:
  m_ObjectHideFlags: 1
  m_PrefabParentObject: {fileID: 0}
  m_PrefabInternal: {fileID: 100100000}
  serializedVersion: 5
  m_Component:
  - component: {fileID: 4517191379382874}
  - component: {fileID: 137820243872878322}
  m_Layer: 17
  m_Name: Cube.001
  m_TagString: Untagged
  m_Icon: {fileID: 0}
  m_NavMeshLayer: 0
  m_StaticEditorFlags: 0
  m_IsActive: 1
--- !u!1 &1414352116480870
GameObject:
  m_ObjectHideFlags: 1
  m_PrefabParentObject: {fileID: 0}
  m_PrefabInternal: {fileID: 100100000}
  serializedVersion: 5
  m_Component:
  - component: {fileID: 4912559018419716}
  m_Layer: 17
  m_Name: ArmRightIK
  m_TagString: Untagged
  m_Icon: {fileID: 0}
  m_NavMeshLayer: 0
  m_StaticEditorFlags: 0
  m_IsActive: 1
--- !u!1 &1549233455135634
GameObject:
  m_ObjectHideFlags: 1
  m_PrefabParentObject: {fileID: 0}
  m_PrefabInternal: {fileID: 100100000}
  serializedVersion: 5
  m_Component:
  - component: {fileID: 4973584770137132}
  m_Layer: 17
  m_Name: Spine4
  m_TagString: Untagged
  m_Icon: {fileID: 0}
  m_NavMeshLayer: 0
  m_StaticEditorFlags: 0
  m_IsActive: 1
--- !u!1 &1572745108105600
GameObject:
  m_ObjectHideFlags: 1
  m_PrefabParentObject: {fileID: 0}
  m_PrefabInternal: {fileID: 100100000}
  serializedVersion: 5
  m_Component:
  - component: {fileID: 4614099761144600}
  m_Layer: 17
  m_Name: ArmLeftIK
  m_TagString: Untagged
  m_Icon: {fileID: 0}
  m_NavMeshLayer: 0
  m_StaticEditorFlags: 0
  m_IsActive: 1
--- !u!1 &1580784537823004
GameObject:
  m_ObjectHideFlags: 1
  m_PrefabParentObject: {fileID: 0}
  m_PrefabInternal: {fileID: 100100000}
  serializedVersion: 5
  m_Component:
  - component: {fileID: 4876835533334950}
  m_Layer: 17
  m_Name: Armature
  m_TagString: Untagged
  m_Icon: {fileID: 0}
  m_NavMeshLayer: 0
  m_StaticEditorFlags: 0
  m_IsActive: 1
--- !u!1 &1607407035200920
GameObject:
  m_ObjectHideFlags: 1
  m_PrefabParentObject: {fileID: 0}
  m_PrefabInternal: {fileID: 100100000}
  serializedVersion: 5
  m_Component:
  - component: {fileID: 4840974970751988}
  m_Layer: 17
  m_Name: LowerArm.L
  m_TagString: Untagged
  m_Icon: {fileID: 0}
  m_NavMeshLayer: 0
  m_StaticEditorFlags: 0
  m_IsActive: 1
--- !u!1 &1667851074246736
GameObject:
  m_ObjectHideFlags: 1
  m_PrefabParentObject: {fileID: 0}
  m_PrefabInternal: {fileID: 100100000}
  serializedVersion: 5
  m_Component:
  - component: {fileID: 4891148133679244}
  m_Layer: 17
  m_Name: UpperArm.R
  m_TagString: Untagged
  m_Icon: {fileID: 0}
  m_NavMeshLayer: 0
  m_StaticEditorFlags: 0
  m_IsActive: 1
--- !u!1 &1677394442221252
GameObject:
  m_ObjectHideFlags: 1
  m_PrefabParentObject: {fileID: 0}
  m_PrefabInternal: {fileID: 100100000}
  serializedVersion: 5
  m_Component:
  - component: {fileID: 4573567158408856}
  m_Layer: 17
  m_Name: RotateBone_end
  m_TagString: Untagged
  m_Icon: {fileID: 0}
  m_NavMeshLayer: 0
  m_StaticEditorFlags: 0
  m_IsActive: 1
--- !u!1 &1691753583850974
GameObject:
  m_ObjectHideFlags: 1
  m_PrefabParentObject: {fileID: 0}
  m_PrefabInternal: {fileID: 100100000}
  serializedVersion: 5
  m_Component:
  - component: {fileID: 4274364818495346}
  m_Layer: 17
  m_Name: LowerArm.R_end
  m_TagString: Untagged
  m_Icon: {fileID: 0}
  m_NavMeshLayer: 0
  m_StaticEditorFlags: 0
  m_IsActive: 1
--- !u!1 &1698575014276796
GameObject:
  m_ObjectHideFlags: 0
  m_PrefabParentObject: {fileID: 0}
  m_PrefabInternal: {fileID: 100100000}
  serializedVersion: 5
  m_Component:
  - component: {fileID: 4264823937332752}
  - component: {fileID: 114083881702418136}
  - component: {fileID: 114529138020763862}
  - component: {fileID: 195838851021656884}
  - component: {fileID: 54070205683293768}
  - component: {fileID: 136540523344174484}
  m_Layer: 17
  m_Name: TierOneFlower
  m_TagString: Minion
  m_Icon: {fileID: 0}
  m_NavMeshLayer: 0
  m_StaticEditorFlags: 0
  m_IsActive: 1
--- !u!1 &1726325799908096
GameObject:
  m_ObjectHideFlags: 1
  m_PrefabParentObject: {fileID: 0}
  m_PrefabInternal: {fileID: 100100000}
  serializedVersion: 5
  m_Component:
  - component: {fileID: 4303634679809452}
  m_Layer: 17
  m_Name: Spine3
  m_TagString: Untagged
  m_Icon: {fileID: 0}
  m_NavMeshLayer: 0
  m_StaticEditorFlags: 0
  m_IsActive: 1
--- !u!1 &1791178752145950
GameObject:
  m_ObjectHideFlags: 1
  m_PrefabParentObject: {fileID: 0}
  m_PrefabInternal: {fileID: 100100000}
  serializedVersion: 5
  m_Component:
  - component: {fileID: 4119708612817490}
  m_Layer: 17
  m_Name: Head_end
  m_TagString: Untagged
  m_Icon: {fileID: 0}
  m_NavMeshLayer: 0
  m_StaticEditorFlags: 0
  m_IsActive: 1
--- !u!1 &1815369111148984
GameObject:
  m_ObjectHideFlags: 1
  m_PrefabParentObject: {fileID: 0}
  m_PrefabInternal: {fileID: 100100000}
  serializedVersion: 5
  m_Component:
  - component: {fileID: 4855433052206498}
  m_Layer: 17
  m_Name: SpineLowerIK
  m_TagString: Untagged
  m_Icon: {fileID: 0}
  m_NavMeshLayer: 0
  m_StaticEditorFlags: 0
  m_IsActive: 1
--- !u!1 &1828222120137970
GameObject:
  m_ObjectHideFlags: 1
  m_PrefabParentObject: {fileID: 0}
  m_PrefabInternal: {fileID: 100100000}
  serializedVersion: 5
  m_Component:
  - component: {fileID: 4516445593265538}
  m_Layer: 17
  m_Name: Shoulder.R
  m_TagString: Untagged
  m_Icon: {fileID: 0}
  m_NavMeshLayer: 0
  m_StaticEditorFlags: 0
  m_IsActive: 1
--- !u!1 &1831290557130378
GameObject:
  m_ObjectHideFlags: 1
  m_PrefabParentObject: {fileID: 0}
  m_PrefabInternal: {fileID: 100100000}
  serializedVersion: 5
  m_Component:
  - component: {fileID: 4382430111924432}
  m_Layer: 17
  m_Name: LowerArm.R
  m_TagString: Untagged
  m_Icon: {fileID: 0}
  m_NavMeshLayer: 0
  m_StaticEditorFlags: 0
  m_IsActive: 1
--- !u!1 &1855638883426826
GameObject:
  m_ObjectHideFlags: 1
  m_PrefabParentObject: {fileID: 0}
  m_PrefabInternal: {fileID: 100100000}
  serializedVersion: 5
  m_Component:
  - component: {fileID: 4040363834848796}
  m_Layer: 17
  m_Name: Spine2
  m_TagString: Untagged
  m_Icon: {fileID: 0}
  m_NavMeshLayer: 0
  m_StaticEditorFlags: 0
  m_IsActive: 1
--- !u!1 &1879140468828554
GameObject:
  m_ObjectHideFlags: 1
  m_PrefabParentObject: {fileID: 0}
  m_PrefabInternal: {fileID: 100100000}
  serializedVersion: 5
  m_Component:
  - component: {fileID: 4030829194396650}
  m_Layer: 17
  m_Name: Spike2
  m_TagString: Untagged
  m_Icon: {fileID: 0}
  m_NavMeshLayer: 0
  m_StaticEditorFlags: 0
  m_IsActive: 1
--- !u!1 &1929458667323368
GameObject:
  m_ObjectHideFlags: 1
  m_PrefabParentObject: {fileID: 0}
  m_PrefabInternal: {fileID: 100100000}
  serializedVersion: 5
  m_Component:
  - component: {fileID: 4765366376338908}
  m_Layer: 17
  m_Name: Spine0
  m_TagString: Untagged
  m_Icon: {fileID: 0}
  m_NavMeshLayer: 0
  m_StaticEditorFlags: 0
  m_IsActive: 1
--- !u!1 &1954610501929636
GameObject:
  m_ObjectHideFlags: 1
  m_PrefabParentObject: {fileID: 0}
  m_PrefabInternal: {fileID: 100100000}
  serializedVersion: 5
  m_Component:
  - component: {fileID: 4643232530590558}
  m_Layer: 17
  m_Name: ArmLeftIK_end
  m_TagString: Untagged
  m_Icon: {fileID: 0}
  m_NavMeshLayer: 0
  m_StaticEditorFlags: 0
  m_IsActive: 1
--- !u!1 &1970741762485498
GameObject:
  m_ObjectHideFlags: 1
  m_PrefabParentObject: {fileID: 0}
  m_PrefabInternal: {fileID: 100100000}
  serializedVersion: 5
  m_Component:
  - component: {fileID: 4648647858381248}
  m_Layer: 17
  m_Name: RotateBone
  m_TagString: Untagged
  m_Icon: {fileID: 0}
  m_NavMeshLayer: 0
  m_StaticEditorFlags: 0
  m_IsActive: 1
--- !u!4 &4030829194396650
Transform:
  m_ObjectHideFlags: 1
  m_PrefabParentObject: {fileID: 0}
  m_PrefabInternal: {fileID: 100100000}
  m_GameObject: {fileID: 1879140468828554}
  m_LocalRotation: {x: 0.11370077, y: -0.0000001237151, z: -0.000000013368866, w: 0.993515}
  m_LocalPosition: {x: -0, y: 0.008527221, z: -0.0000000011920929}
  m_LocalScale: {x: 1, y: 1.0000001, z: 1}
  m_Children:
  - {fileID: 4601840967798838}
  m_Father: {fileID: 4787066540639788}
  m_RootOrder: 0
  m_LocalEulerAnglesHint: {x: 0, y: 0, z: 0}
--- !u!4 &4037745024943980
Transform:
  m_ObjectHideFlags: 1
  m_PrefabParentObject: {fileID: 0}
  m_PrefabInternal: {fileID: 100100000}
  m_GameObject: {fileID: 1153143805428540}
  m_LocalRotation: {x: 0, y: -0, z: -0, w: 1}
  m_LocalPosition: {x: -0, y: 0.0060160384, z: 0}
  m_LocalScale: {x: 1, y: 1, z: 1}
  m_Children: []
  m_Father: {fileID: 4840974970751988}
  m_RootOrder: 0
  m_LocalEulerAnglesHint: {x: 0, y: 0, z: 0}
--- !u!4 &4040363834848796
Transform:
  m_ObjectHideFlags: 1
  m_PrefabParentObject: {fileID: 0}
  m_PrefabInternal: {fileID: 100100000}
  m_GameObject: {fileID: 1855638883426826}
  m_LocalRotation: {x: 0.0000001674966, y: 0.91831785, z: 0.39584392, w: -0.00000039945135}
  m_LocalPosition: {x: -1.5696536e-17, y: 0.0063014654, z: 4.8225547e-12}
  m_LocalScale: {x: 1, y: 0.9999999, z: 0.9999998}
  m_Children:
  - {fileID: 4303634679809452}
  m_Father: {fileID: 4662984197365102}
  m_RootOrder: 1
  m_LocalEulerAnglesHint: {x: 0, y: 0, z: 0}
--- !u!4 &4119708612817490
Transform:
  m_ObjectHideFlags: 1
  m_PrefabParentObject: {fileID: 0}
  m_PrefabInternal: {fileID: 100100000}
  m_GameObject: {fileID: 1791178752145950}
  m_LocalRotation: {x: 0, y: -0, z: -0, w: 1}
  m_LocalPosition: {x: -0, y: 0.00514182, z: 0}
  m_LocalScale: {x: 1, y: 1, z: 1}
  m_Children: []
  m_Father: {fileID: 4969753328069010}
  m_RootOrder: 0
  m_LocalEulerAnglesHint: {x: 0, y: 0, z: 0}
--- !u!4 &4264823937332752
Transform:
  m_ObjectHideFlags: 1
  m_PrefabParentObject: {fileID: 0}
  m_PrefabInternal: {fileID: 100100000}
  m_GameObject: {fileID: 1698575014276796}
  m_LocalRotation: {x: 0.19146717, y: -0.0012278808, z: 0.012107642, w: 0.9814236}
  m_LocalPosition: {x: 378.85242, y: 27.43094, z: -688.7427}
  m_LocalScale: {x: 0.75, y: 0.75, z: 0.75}
  m_Children:
  - {fileID: 4668746027082084}
  m_Father: {fileID: 0}
  m_RootOrder: 0
  m_LocalEulerAnglesHint: {x: 0, y: 0, z: 0}
--- !u!4 &4274364818495346
Transform:
  m_ObjectHideFlags: 1
  m_PrefabParentObject: {fileID: 0}
  m_PrefabInternal: {fileID: 100100000}
  m_GameObject: {fileID: 1691753583850974}
  m_LocalRotation: {x: 0, y: -0, z: -0, w: 1}
  m_LocalPosition: {x: -0, y: 0.0060160384, z: 0}
  m_LocalScale: {x: 1, y: 1, z: 1}
  m_Children: []
  m_Father: {fileID: 4382430111924432}
  m_RootOrder: 0
  m_LocalEulerAnglesHint: {x: 0, y: 0, z: 0}
--- !u!4 &4303634679809452
Transform:
  m_ObjectHideFlags: 1
  m_PrefabParentObject: {fileID: 0}
  m_PrefabInternal: {fileID: 100100000}
  m_GameObject: {fileID: 1726325799908096}
  m_LocalRotation: {x: 0.2704496, y: 0.0000001208064, z: 0.000000034293542, w: 0.96273416}
  m_LocalPosition: {x: 6.8695046e-18, y: 0.0061142505, z: 0}
  m_LocalScale: {x: 1, y: 1.0000004, z: 1.0000002}
  m_Children:
  - {fileID: 4973584770137132}
  m_Father: {fileID: 4040363834848796}
  m_RootOrder: 0
  m_LocalEulerAnglesHint: {x: 0, y: 0, z: 0}
--- !u!4 &4345508800962404
Transform:
  m_ObjectHideFlags: 1
  m_PrefabParentObject: {fileID: 0}
  m_PrefabInternal: {fileID: 100100000}
  m_GameObject: {fileID: 1157475638717724}
  m_LocalRotation: {x: -0.3532533, y: 0.00000034228773, z: 0.00000017918192, w: 0.9355277}
  m_LocalPosition: {x: -6.8147527e-18, y: 0.0063014654, z: 4.8225547e-12}
  m_LocalScale: {x: 1, y: 1, z: 1}
  m_Children:
  - {fileID: 4969753328069010}
  m_Father: {fileID: 4662984197365102}
  m_RootOrder: 0
  m_LocalEulerAnglesHint: {x: 0, y: 0, z: 0}
--- !u!4 &4382430111924432
Transform:
  m_ObjectHideFlags: 1
  m_PrefabParentObject: {fileID: 0}
  m_PrefabInternal: {fileID: 100100000}
  m_GameObject: {fileID: 1831290557130378}
  m_LocalRotation: {x: 0.0978543, y: -0.00000015259167, z: 0.000000065184054, w: 0.99520075}
  m_LocalPosition: {x: 1.3788465e-10, y: 0.0087679345, z: 2.2320047e-10}
  m_LocalScale: {x: 1, y: 0.99999994, z: 0.99999994}
  m_Children:
  - {fileID: 4274364818495346}
  m_Father: {fileID: 4891148133679244}
  m_RootOrder: 0
  m_LocalEulerAnglesHint: {x: 0, y: 0, z: 0}
--- !u!4 &4516445593265538
Transform:
  m_ObjectHideFlags: 1
  m_PrefabParentObject: {fileID: 0}
  m_PrefabInternal: {fileID: 100100000}
  m_GameObject: {fileID: 1828222120137970}
  m_LocalRotation: {x: 0.2856333, y: -0.22447239, z: 0.7207343, w: 0.5903964}
  m_LocalPosition: {x: -4.718448e-18, y: 0.0073192962, z: 0.0000000024214386}
  m_LocalScale: {x: 1.0000001, y: 1, z: 1}
  m_Children:
  - {fileID: 4912559018419716}
  - {fileID: 4891148133679244}
  m_Father: {fileID: 4973584770137132}
  m_RootOrder: 1
  m_LocalEulerAnglesHint: {x: 0, y: 0, z: 0}
--- !u!4 &4517191379382874
Transform:
  m_ObjectHideFlags: 1
  m_PrefabParentObject: {fileID: 0}
  m_PrefabInternal: {fileID: 100100000}
  m_GameObject: {fileID: 1383417126376392}
  m_LocalRotation: {x: -0.7071068, y: 0, z: -0, w: 0.7071067}
  m_LocalPosition: {x: -0, y: 0, z: 0}
  m_LocalScale: {x: 100, y: 100, z: 100}
  m_Children: []
  m_Father: {fileID: 4668746027082084}
  m_RootOrder: 1
  m_LocalEulerAnglesHint: {x: 0, y: 0, z: 0}
--- !u!4 &4573567158408856
Transform:
  m_ObjectHideFlags: 1
  m_PrefabParentObject: {fileID: 0}
  m_PrefabInternal: {fileID: 100100000}
  m_GameObject: {fileID: 1677394442221252}
  m_LocalRotation: {x: 0, y: -0, z: -0, w: 1}
  m_LocalPosition: {x: -0, y: 0.010132834, z: 0}
  m_LocalScale: {x: 1, y: 1, z: 1}
  m_Children: []
  m_Father: {fileID: 4648647858381248}
  m_RootOrder: 0
  m_LocalEulerAnglesHint: {x: 0, y: 0, z: 0}
--- !u!4 &4573761367757040
Transform:
  m_ObjectHideFlags: 1
  m_PrefabParentObject: {fileID: 0}
  m_PrefabInternal: {fileID: 100100000}
  m_GameObject: {fileID: 1313481589986846}
  m_LocalRotation: {x: 0, y: -0, z: -0, w: 1}
  m_LocalPosition: {x: -0, y: 0.012234447, z: 0}
  m_LocalScale: {x: 1, y: 1, z: 1}
  m_Children: []
  m_Father: {fileID: 4912559018419716}
  m_RootOrder: 0
  m_LocalEulerAnglesHint: {x: 0, y: 0, z: 0}
--- !u!4 &4601840967798838
Transform:
  m_ObjectHideFlags: 1
  m_PrefabParentObject: {fileID: 0}
  m_PrefabInternal: {fileID: 100100000}
  m_GameObject: {fileID: 1184800836523018}
  m_LocalRotation: {x: 0, y: -0, z: -0, w: 1}
  m_LocalPosition: {x: -0, y: 0.01583783, z: 0}
  m_LocalScale: {x: 1, y: 1, z: 1}
  m_Children: []
  m_Father: {fileID: 4030829194396650}
  m_RootOrder: 0
  m_LocalEulerAnglesHint: {x: 0, y: 0, z: 0}
--- !u!4 &4614099761144600
Transform:
  m_ObjectHideFlags: 1
  m_PrefabParentObject: {fileID: 0}
  m_PrefabInternal: {fileID: 100100000}
  m_GameObject: {fileID: 1572745108105600}
  m_LocalRotation: {x: 0.049646173, y: 0.049646348, z: -0.65130436, w: 0.7555615}
  m_LocalPosition: {x: -0.0020774521, y: 0.023477487, z: -0.0031209176}
  m_LocalScale: {x: 1, y: 1, z: 1}
  m_Children:
  - {fileID: 4643232530590558}
  m_Father: {fileID: 4667704055730894}
  m_RootOrder: 0
  m_LocalEulerAnglesHint: {x: 0, y: 0, z: 0}
--- !u!4 &4643232530590558
Transform:
  m_ObjectHideFlags: 1
  m_PrefabParentObject: {fileID: 0}
  m_PrefabInternal: {fileID: 100100000}
  m_GameObject: {fileID: 1954610501929636}
  m_LocalRotation: {x: 0, y: -0, z: -0, w: 1}
  m_LocalPosition: {x: -0, y: 0.012234447, z: 0}
  m_LocalScale: {x: 1, y: 1, z: 1}
  m_Children: []
  m_Father: {fileID: 4614099761144600}
  m_RootOrder: 0
  m_LocalEulerAnglesHint: {x: 0, y: 0, z: 0}
--- !u!4 &4648647858381248
Transform:
  m_ObjectHideFlags: 1
  m_PrefabParentObject: {fileID: 0}
  m_PrefabInternal: {fileID: 100100000}
  m_GameObject: {fileID: 1970741762485498}
  m_LocalRotation: {x: 0.7071068, y: 0, z: -0, w: 0.7071067}
  m_LocalPosition: {x: -1.2358782e-10, y: 0.019493632, z: 0.02282188}
  m_LocalScale: {x: 1, y: 1, z: 1}
  m_Children:
  - {fileID: 4573567158408856}
  m_Father: {fileID: 4876835533334950}
  m_RootOrder: 0
  m_LocalEulerAnglesHint: {x: 0, y: 0, z: 0}
--- !u!4 &4662984197365102
Transform:
  m_ObjectHideFlags: 1
  m_PrefabParentObject: {fileID: 0}
  m_PrefabInternal: {fileID: 100100000}
  m_GameObject: {fileID: 1268011245375186}
  m_LocalRotation: {x: -0.00000007821535, y: 0.98531896, z: -0.17072389, w: 0.0000004531315}
  m_LocalPosition: {x: 3.5041414e-18, y: 0.0073824427, z: 1.3969838e-10}
  m_LocalScale: {x: 1.0000001, y: 1, z: 1.0000002}
  m_Children:
  - {fileID: 4345508800962404}
  - {fileID: 4040363834848796}
  m_Father: {fileID: 4765366376338908}
  m_RootOrder: 0
  m_LocalEulerAnglesHint: {x: 0, y: 0, z: 0}
--- !u!4 &4667704055730894
Transform:
  m_ObjectHideFlags: 1
  m_PrefabParentObject: {fileID: 0}
  m_PrefabInternal: {fileID: 100100000}
  m_GameObject: {fileID: 1042701447252096}
  m_LocalRotation: {x: -0.307663, y: -0.25874737, z: -0.7116091, w: 0.5761994}
  m_LocalPosition: {x: -4.718448e-18, y: 0.0073192962, z: 0.0000000024214386}
  m_LocalScale: {x: 1, y: 1, z: 0.99999994}
  m_Children:
  - {fileID: 4614099761144600}
  - {fileID: 4940733230128774}
  m_Father: {fileID: 4973584770137132}
  m_RootOrder: 0
  m_LocalEulerAnglesHint: {x: 0, y: 0, z: 0}
--- !u!4 &4668746027082084
Transform:
  m_ObjectHideFlags: 1
  m_PrefabParentObject: {fileID: 0}
  m_PrefabInternal: {fileID: 100100000}
  m_GameObject: {fileID: 1056443467046332}
  m_LocalRotation: {x: -0, y: -0, z: -0, w: 1}
  m_LocalPosition: {x: 0, y: 0, z: 0}
  m_LocalScale: {x: 0.6, y: 0.6, z: 0.6}
  m_Children:
  - {fileID: 4876835533334950}
  - {fileID: 4517191379382874}
  m_Father: {fileID: 4264823937332752}
  m_RootOrder: 0
  m_LocalEulerAnglesHint: {x: 0, y: 0, z: 0}
--- !u!4 &4765366376338908
Transform:
  m_ObjectHideFlags: 1
  m_PrefabParentObject: {fileID: 0}
  m_PrefabInternal: {fileID: 100100000}
  m_GameObject: {fileID: 1929458667323368}
  m_LocalRotation: {x: 0.82078063, y: -2.4352113e-16, z: -0.0000000035167018, w: 0.5712435}
  m_LocalPosition: {x: -0, y: 0.0026376443, z: 0}
  m_LocalScale: {x: 1, y: 1, z: 1}
  m_Children:
  - {fileID: 4662984197365102}
  - {fileID: 4855433052206498}
  m_Father: {fileID: 4876835533334950}
  m_RootOrder: 1
  m_LocalEulerAnglesHint: {x: 0, y: 0, z: 0}
--- !u!4 &4787066540639788
Transform:
  m_ObjectHideFlags: 1
  m_PrefabParentObject: {fileID: 0}
  m_PrefabInternal: {fileID: 100100000}
  m_GameObject: {fileID: 1165262192144254}
  m_LocalRotation: {x: 0.00000004117577, y: 0.78408957, z: 0.62064767, w: -0.00000006369458}
  m_LocalPosition: {x: -4.718448e-18, y: 0.0073192962, z: 0.0000000024214386}
  m_LocalScale: {x: 1, y: 1.0000004, z: 1}
  m_Children:
  - {fileID: 4030829194396650}
  m_Father: {fileID: 4973584770137132}
  m_RootOrder: 2
  m_LocalEulerAnglesHint: {x: 0, y: 0, z: 0}
--- !u!4 &4806902998954028
Transform:
  m_ObjectHideFlags: 1
  m_PrefabParentObject: {fileID: 0}
  m_PrefabInternal: {fileID: 100100000}
  m_GameObject: {fileID: 1370890933030344}
  m_LocalRotation: {x: 0, y: -0, z: -0, w: 1}
  m_LocalPosition: {x: -0, y: 0.012536258, z: 0}
  m_LocalScale: {x: 1, y: 1, z: 1}
  m_Children: []
  m_Father: {fileID: 4845810186174258}
  m_RootOrder: 0
  m_LocalEulerAnglesHint: {x: 0, y: 0, z: 0}
--- !u!4 &4840974970751988
Transform:
  m_ObjectHideFlags: 1
  m_PrefabParentObject: {fileID: 0}
  m_PrefabInternal: {fileID: 100100000}
  m_GameObject: {fileID: 1607407035200920}
  m_LocalRotation: {x: -0.09785197, y: 0.000000014259385, z: 0.000000019992173, w: 0.995201}
  m_LocalPosition: {x: -4.889042e-11, y: 0.008767937, z: -0.0000000045350825}
  m_LocalScale: {x: 1, y: 0.99999994, z: 1.0000001}
  m_Children:
  - {fileID: 4037745024943980}
  m_Father: {fileID: 4940733230128774}
  m_RootOrder: 0
  m_LocalEulerAnglesHint: {x: 0, y: 0, z: 0}
--- !u!4 &4845810186174258
Transform:
  m_ObjectHideFlags: 1
  m_PrefabParentObject: {fileID: 0}
  m_PrefabInternal: {fileID: 100100000}
  m_GameObject: {fileID: 1306885370506936}
  m_LocalRotation: {x: 0, y: -1.110223e-16, z: 3.5424374e-16, w: 1}
  m_LocalPosition: {x: -8.400606e-11, y: -0.0035544373, z: 0.010743367}
  m_LocalScale: {x: 1, y: 1, z: 1}
  m_Children:
  - {fileID: 4806902998954028}
  m_Father: {fileID: 4855433052206498}
  m_RootOrder: 0
  m_LocalEulerAnglesHint: {x: 0, y: 0, z: 0}
--- !u!4 &4855433052206498
Transform:
  m_ObjectHideFlags: 1
  m_PrefabParentObject: {fileID: 0}
  m_PrefabInternal: {fileID: 100100000}
  m_GameObject: {fileID: 1815369111148984}
  m_LocalRotation: {x: -0.82078063, y: -7.348625e-16, z: 0.0000000035167018, w: 0.5712435}
  m_LocalPosition: {x: -1.7997047e-10, y: 0.015774472, z: -0.007718495}
  m_LocalScale: {x: 1, y: 0.99999994, z: 0.99999994}
  m_Children:
  - {fileID: 4845810186174258}
  m_Father: {fileID: 4765366376338908}
  m_RootOrder: 1
  m_LocalEulerAnglesHint: {x: 0, y: 0, z: 0}
--- !u!4 &4876835533334950
Transform:
  m_ObjectHideFlags: 1
  m_PrefabParentObject: {fileID: 0}
  m_PrefabInternal: {fileID: 100100000}
  m_GameObject: {fileID: 1580784537823004}
  m_LocalRotation: {x: -0.7071068, y: 0, z: -0, w: 0.7071067}
  m_LocalPosition: {x: -0, y: 0, z: 0}
  m_LocalScale: {x: 100, y: 100, z: 100}
  m_Children:
  - {fileID: 4648647858381248}
  - {fileID: 4765366376338908}
  m_Father: {fileID: 4668746027082084}
  m_RootOrder: 0
  m_LocalEulerAnglesHint: {x: 0, y: 0, z: 0}
--- !u!4 &4891148133679244
Transform:
  m_ObjectHideFlags: 1
  m_PrefabParentObject: {fileID: 0}
  m_PrefabInternal: {fileID: 100100000}
  m_GameObject: {fileID: 1667851074246736}
  m_LocalRotation: {x: -0.0046934797, y: -0.69649464, z: 0.098585635, w: 0.710742}
  m_LocalPosition: {x: 0.0000000016554258, y: 0.009247603, z: -1.11758706e-10}
  m_LocalScale: {x: 1, y: 1.0000004, z: 1.0000001}
  m_Children:
  - {fileID: 4382430111924432}
  m_Father: {fileID: 4516445593265538}
  m_RootOrder: 1
  m_LocalEulerAnglesHint: {x: 0, y: 0, z: 0}
--- !u!4 &4912559018419716
Transform:
  m_ObjectHideFlags: 1
  m_PrefabParentObject: {fileID: 0}
  m_PrefabInternal: {fileID: 100100000}
  m_GameObject: {fileID: 1414352116480870}
  m_LocalRotation: {x: 0.49564695, y: 0.4991574, z: 0.42543656, w: 0.5693678}
  m_LocalPosition: {x: -0.003120919, y: 0.023477491, z: -0.0020774521}
  m_LocalScale: {x: 1.0000001, y: 0.99999994, z: 1}
  m_Children:
  - {fileID: 4573761367757040}
  m_Father: {fileID: 4516445593265538}
  m_RootOrder: 0
  m_LocalEulerAnglesHint: {x: 0, y: 0, z: 0}
--- !u!4 &4940733230128774
Transform:
  m_ObjectHideFlags: 1
  m_PrefabParentObject: {fileID: 0}
  m_PrefabInternal: {fileID: 100100000}
  m_GameObject: {fileID: 1072527446100132}
  m_LocalRotation: {x: -0.06639273, y: -0.0100740865, z: 0.07302931, w: 0.99506646}
  m_LocalPosition: {x: -1.8626451e-11, y: 0.009247602, z: -0.0000000019487925}
  m_LocalScale: {x: 1.0000001, y: 1, z: 0.9999999}
  m_Children:
  - {fileID: 4840974970751988}
  m_Father: {fileID: 4667704055730894}
  m_RootOrder: 1
  m_LocalEulerAnglesHint: {x: 0, y: 0, z: 0}
--- !u!4 &4969753328069010
Transform:
  m_ObjectHideFlags: 1
  m_PrefabParentObject: {fileID: 0}
  m_PrefabInternal: {fileID: 100100000}
  m_GameObject: {fileID: 1158618101026068}
  m_LocalRotation: {x: -0.061095778, y: -1.4262368e-14, z: 0.000000008636276, w: 0.99813193}
  m_LocalPosition: {x: -8.881784e-18, y: 0.006017788, z: -5.9604643e-10}
  m_LocalScale: {x: 1, y: 0.99999994, z: 1}
  m_Children:
  - {fileID: 4119708612817490}
  m_Father: {fileID: 4345508800962404}
  m_RootOrder: 0
  m_LocalEulerAnglesHint: {x: 0, y: 0, z: 0}
--- !u!4 &4973584770137132
Transform:
  m_ObjectHideFlags: 1
  m_PrefabParentObject: {fileID: 0}
  m_PrefabInternal: {fileID: 100100000}
  m_GameObject: {fileID: 1549233455135634}
  m_LocalRotation: {x: -0.0000000366622, y: 0.878372, z: 0.47797763, w: 0.00000006600186}
  m_LocalPosition: {x: 1.7763568e-17, y: 0.0055267503, z: -4.563481e-10}
  m_LocalScale: {x: 1.0000001, y: 1.0000002, z: 1}
  m_Children:
  - {fileID: 4667704055730894}
  - {fileID: 4516445593265538}
  - {fileID: 4787066540639788}
  m_Father: {fileID: 4303634679809452}
  m_RootOrder: 0
  m_LocalEulerAnglesHint: {x: 0, y: 0, z: 0}
--- !u!54 &54070205683293768
Rigidbody:
  m_ObjectHideFlags: 1
  m_PrefabParentObject: {fileID: 0}
  m_PrefabInternal: {fileID: 100100000}
  m_GameObject: {fileID: 1698575014276796}
  serializedVersion: 2
  m_Mass: 1
  m_Drag: 5
  m_AngularDrag: 1
  m_UseGravity: 0
  m_IsKinematic: 0
  m_Interpolate: 0
  m_Constraints: 0
  m_CollisionDetection: 0
--- !u!95 &95051363811464062
Animator:
  serializedVersion: 3
  m_ObjectHideFlags: 1
  m_PrefabParentObject: {fileID: 0}
  m_PrefabInternal: {fileID: 100100000}
  m_GameObject: {fileID: 1056443467046332}
  m_Enabled: 1
  m_Avatar: {fileID: 9000000, guid: ededb170ef1cb184a818d822db2a7bcc, type: 3}
  m_Controller: {fileID: 9100000, guid: 4d474d784204d6443adc1d4731d81054, type: 2}
  m_CullingMode: 1
  m_UpdateMode: 0
  m_ApplyRootMotion: 0
  m_LinearVelocityBlending: 0
  m_WarningMessage: 
  m_HasTransformHierarchy: 1
  m_AllowConstantClipSamplingOptimization: 1
--- !u!114 &114075111562469958
MonoBehaviour:
  m_ObjectHideFlags: 1
  m_PrefabParentObject: {fileID: 0}
  m_PrefabInternal: {fileID: 100100000}
  m_GameObject: {fileID: 1056443467046332}
  m_Enabled: 1
  m_EditorHideFlags: 0
  m_Script: {fileID: 11500000, guid: 14a6f17606e5f194788d091362607c8b, type: 3}
  m_Name: 
  m_EditorClassIdentifier: 
--- !u!114 &114083881702418136
MonoBehaviour:
  m_ObjectHideFlags: 1
  m_PrefabParentObject: {fileID: 0}
  m_PrefabInternal: {fileID: 100100000}
  m_GameObject: {fileID: 1698575014276796}
  m_Enabled: 1
  m_EditorHideFlags: 0
  m_Script: {fileID: 11500000, guid: 5b08dac9f765ece4ea8985d2b170ba7d, type: 3}
  m_Name: 
  m_EditorClassIdentifier: 
  maxTasksPerTick: 50
  behavior: {fileID: 11400000, guid: 4815987ffe5e8ea4e8fb84a898d1deab, type: 2}
  paused: 0
  restartWhenFinished: 1
  blackboard:
    intParams: 
    intParamsNames: []
    intParamsLostDefaultValue: 
    boolParams: 
    boolParamsNames: []
    boolParamsLostDefaultValue: 
    floatParams: []
    floatParamsNames: []
    floatParamsLostDefaultValue: 
    stringParams: []
    stringParamsNames: []
    stringParamsLostDefaultValue: 
    colorParams: []
    colorParamsNames: []
    colorParamsLostDefaultValue: 
    objectParams: []
    objectParamsNames: []
    objectParamsLostDefaultValue: 
    layerMaskParams: []
    layerMaskParamsNames: []
    layerMaskParamsLostDefaultValue: 
    enumParamsNames: []
    enumParamsLostDefaultValue: 
    vector2Params: []
    vector2ParamsNames: []
    vector2ParamsLostDefaultValue: 
    vector3Params: []
    vector3ParamsNames: []
    vector3ParamsLostDefaultValue: 
    vector4Params: []
    vector4ParamsNames: []
    vector4ParamsLostDefaultValue: 
    rectParams: []
    rectParamsNames: []
    rectParamsLostDefaultValue: 
    animationCurveParams: []
    animationCurveParamsNames: []
    animationCurveParamsLostDefaultValue: 
    boundsParams: []
    boundsParamsNames: []
    boundsParamsLostDefaultValue: 
    gradientParams: []
    gradientParamsNames: []
    gradientParamsLostDefaultValue: 
    quaternionParams: []
    quaternionParamsNames: []
    quaternionParamsLostDefaultValue: 
--- !u!114 &114529138020763862
MonoBehaviour:
  m_ObjectHideFlags: 1
  m_PrefabParentObject: {fileID: 0}
  m_PrefabInternal: {fileID: 100100000}
  m_GameObject: {fileID: 1698575014276796}
  m_Enabled: 1
  m_EditorHideFlags: 0
  m_Script: {fileID: 11500000, guid: 5bf9c3d1d0e5fee44ac6300931590c71, type: 3}
  m_Name: 
  m_EditorClassIdentifier: 
  State: 
  _CL: 0
  _CL_MAX: 10
  vulnerable: 1
  shields: 0
  allyManager: {fileID: 0}
  num_waves: 0
  wave_points: []
  ghostMat: {fileID: 2100000, guid: 522105873df3dff4a842d453467351b3, type: 2}
  startsAsAlly: 1
  purifiable: 1
  evilMaterial: {fileID: 2100000, guid: 01ad8636dbb8914468b75333f0bb3ae1, type: 2}
  goodMaterial: {fileID: 2100000, guid: a2fcf52d513ecdb41b56a7a770c866c2, type: 2}
  allyHealthBarColor: {r: 0.033647023, g: 0.572, b: 0, a: 1}
  enemyHealthBarColor: {r: 0.5645337, g: 0.0649848, b: 0.80344826, a: 1}
  injuredHealthBarColor: {r: 0.8103448, g: 0, b: 0, a: 1}
  attackRechargeTime: 0.75
  entity_type: 0
  purifySparkle: {fileID: 0}
  AttackTree: {fileID: 11400000, guid: 8689b8483b7664f4980126e2ea607f2d, type: 2}
  WorkTree: {fileID: 11400000, guid: d378ca206869e3e4aa1e02cfabcaaf8b, type: 2}
  LookaroundTree: {fileID: 11400000, guid: 0b007835ca0a54c489abfcaba7da6439, type: 2}
  EnemyWaitTree: {fileID: 11400000, guid: 6be74983e9af7c947bb6f5f359e07a55, type: 2}
  ConfusionTree: {fileID: 11400000, guid: 3de2c2a13ba57ef4789c98ae6938c1f2, type: 2}
  AllyFollowTree: {fileID: 11400000, guid: 4815987ffe5e8ea4e8fb84a898d1deab, type: 2}
  AllyWaitTree: {fileID: 11400000, guid: 8b7df8ec421087540bc367cfb2ede9a5, type: 2}
  AllyGoToTree: {fileID: 11400000, guid: ffceea6a87924ae4294177c007f8d4ab, type: 2}
  AllyActivateTree: {fileID: 0}
  AllyAttackTree: {fileID: 11400000, guid: 506d216a2f0554e499225c3da27800f4, type: 2}
  dontWander: 0
  startGoToAttackTarget: 0
  GoToAttackTarget: {x: 0, y: 0, z: 0}
  threatRange: 50
  attackRange: 40
  sightRange: 70
  sightRadius: 120
  pickupRange: 3
  autoDetectRange: 7
  farFollowRadius: 0
  damageIncreaseFurry: 0
  normalAttackSpeed: 1.5
  normalSpeed: 15
  allySpeedBoost: 10
  surfingSpeedBoost: 25
  slowSpeed: 7
  spawnedBy: {fileID: 0}
  partolTarget: {fileID: 0}
  workTarget: {fileID: 0}
  finishedSearchLeft: 1
  finishedSearchForward: 1
  searchForward: {x: 0, y: 0, z: 0}
  searchLeft: {x: 0, y: 0, z: 0}
  searchRight: {x: 0, y: 0, z: 0}
  startSearch: 1
  searchTimer: 0
  shouldAttack: 0
  shouldRotate: 0
  lookTowardsVec: {x: 0, y: 0, z: 0}
  carrying: 0
  enemyWaitPosition: {x: 0, y: 0, z: 0}
  minionName: 
  inFinalWavesBattle: 0
  startPatrol: 0
  isAbilityActive: 0
  purityReductionRate: 0.15
  positionSensitivity: 0
  confusedIndex: 0
  startConfusion: 0
  attackCooldown: 0
  activateCommandAbility: 0
  myGoToPos: {x: 0, y: 0, z: 0}
  myFollowDistance: 0
  reappear: 0
  teleportationLocation: {x: 0, y: 0, z: 0}
  disableAI: 0
  col: {fileID: 0}
--- !u!136 &136540523344174484
CapsuleCollider:
  m_ObjectHideFlags: 1
  m_PrefabParentObject: {fileID: 0}
  m_PrefabInternal: {fileID: 100100000}
  m_GameObject: {fileID: 1698575014276796}
  m_Material: {fileID: 0}
  m_IsTrigger: 0
  m_Enabled: 1
  m_Radius: 1.5
  m_Height: 4
  m_Direction: 1
  m_Center: {x: 0, y: 2.2, z: 0}
--- !u!137 &137820243872878322
SkinnedMeshRenderer:
  m_ObjectHideFlags: 1
  m_PrefabParentObject: {fileID: 0}
  m_PrefabInternal: {fileID: 100100000}
  m_GameObject: {fileID: 1383417126376392}
  m_Enabled: 1
  m_CastShadows: 1
  m_ReceiveShadows: 1
  m_MotionVectors: 1
  m_LightProbeUsage: 1
  m_ReflectionProbeUsage: 1
  m_Materials:
  - {fileID: 2100000, guid: 60f11f22efe92ab41b6e9f8c559321d1, type: 2}
  m_StaticBatchInfo:
    firstSubMesh: 0
    subMeshCount: 0
  m_StaticBatchRoot: {fileID: 0}
  m_ProbeAnchor: {fileID: 0}
  m_LightProbeVolumeOverride: {fileID: 0}
  m_ScaleInLightmap: 1
  m_PreserveUVs: 0
  m_IgnoreNormalsForChartDetection: 0
  m_ImportantGI: 0
  m_SelectedEditorRenderState: 3
  m_MinimumChartSize: 4
  m_AutoUVMaxDistance: 0.5
  m_AutoUVMaxAngle: 89
  m_LightmapParameters: {fileID: 0}
  m_SortingLayerID: 0
  m_SortingOrder: 0
  serializedVersion: 2
  m_Quality: 0
  m_UpdateWhenOffscreen: 0
  m_SkinnedMotionVectors: 1
  m_Mesh: {fileID: 4300000, guid: ededb170ef1cb184a818d822db2a7bcc, type: 3}
  m_Bones:
  - {fileID: 4765366376338908}
  - {fileID: 4662984197365102}
  - {fileID: 4040363834848796}
  - {fileID: 4303634679809452}
  - {fileID: 4973584770137132}
  - {fileID: 4667704055730894}
  - {fileID: 4940733230128774}
  - {fileID: 4840974970751988}
  - {fileID: 4614099761144600}
  - {fileID: 4787066540639788}
  - {fileID: 4030829194396650}
  - {fileID: 4516445593265538}
  - {fileID: 4891148133679244}
  - {fileID: 4382430111924432}
  - {fileID: 4912559018419716}
  - {fileID: 4345508800962404}
  - {fileID: 4969753328069010}
  - {fileID: 4855433052206498}
  - {fileID: 4845810186174258}
  - {fileID: 4648647858381248}
  m_BlendShapeWeights: []
  m_RootBone: {fileID: 4765366376338908}
  m_AABB:
    m_Center: {x: 0.000000009313226, y: 0.028532976, z: -0.013273049}
    m_Extent: {x: 0.024101509, y: 0.028693294, z: 0.022514798}
  m_DirtyAABB: 0
--- !u!195 &195838851021656884
NavMeshAgent:
  m_ObjectHideFlags: 1
  m_PrefabParentObject: {fileID: 0}
  m_PrefabInternal: {fileID: 100100000}
  m_GameObject: {fileID: 1698575014276796}
  m_Enabled: 1
  m_Radius: 1.5
  m_Speed: 20
  m_Acceleration: 20
  avoidancePriority: 50
  m_AngularSpeed: 360
  m_StoppingDistance: 1
  m_AutoTraverseOffMeshLink: 1
  m_AutoBraking: 1
  m_AutoRepath: 1
  m_Height: 4
  m_BaseOffset: -0.3
  m_WalkableMask: 4294967295
  m_ObstacleAvoidanceType: 4
